@preamble{ " \newcommand{\noop}[1]{} " } % a do-nothing command that serves a purpose

@inproceedings{adzic2017serverless,
  author    = {Gojko Adzic and
               Robert Chatley},
  editor    = {Eric Bodden and
               Wilhelm Sch{\"{a}}fer and
               Arie van Deursen and
               Andrea Zisman},
  title     = {Serverless computing: economic and architectural impact},
  booktitle = {Proceedings of the 2017 11th Joint Meeting on Foundations of Software
               Engineering, {ESEC/FSE} 2017, Paderborn, Germany, September 4-8, 2017},
  pages     = {884--889},
  publisher = {{ACM}},
  year      = {2017},
  doi       = {10.1145/3106237.3117767},
  timestamp = {Tue, 06 Nov 2018 16:59:23 +0100},
  biburl    = {https://dblp.org/rec/bib/conf/sigsoft/AdzicC17},
  bibsource = {dblp computer science bibliography, https://dblp.org}
}

@article{albuquerque17faaspaas,
  title={Function-as-a-Service X Platform-as-a-Service: Towards a Comparative Study on FaaS and PaaS},
  author={Lucas Francisco Jr. Albuquerque and Felipe Silva Ferraz and Sergio Mario Lins Galdino and Rodrigo F.A.P. Oliveira},
  journal={ICSEA 2017, The Twelfth International Conference on Software Engineering Advances},
  publisher={IARIA XPS Press},
  pages={206--212},
  year={2017},
  ISSN={2308-4235},
  ISBN={978-1-61208-590-6}
}

@inproceedings{alali18moreServerless,
  author    = {Zaid Al{-}Ali and
               Sepideh Goodarzy and
               Ethan Hunter and
               Sangtae Ha and
               Richard Han and
               Eric Keller and
               Eric Rozner},
  title     = {Making Serverless Computing More Serverless},
  booktitle = {11th {IEEE} International Conference on Cloud Computing, {CLOUD} 2018,
               San Francisco, CA, USA, July 2-7, 2018},
  pages     = {456--459},
  publisher = {{IEEE} Computer Society},
  year      = {2018},
  doi       = {10.1109/CLOUD.2018.00064},
  timestamp = {Tue, 25 Sep 2018 22:52:24 +0200},
  biburl    = {https://dblp.org/rec/bib/conf/IEEEcloud/Al-AliGHHHKR18},
  bibsource = {dblp computer science bibliography, https://dblp.org}
}

@techreport{armbrust09berkeleyView,
    Author = {Armbrust, Michael and Fox, Armando and Griffith, Rean and Joseph, Anthony D. and Katz, Randy H. and Konwinski, Andrew and Lee, Gunho and Patterson, David A. and Rabkin, Ariel and Stoica, Ion and Zaharia, Matei},
    Title = {Above the Clouds: A Berkeley View of Cloud Computing},
    Institution = {EECS Department, University of California, Berkeley},
    Year = {2009},
    Month = {Feb},
    URL = {http://www2.eecs.berkeley.edu/Pubs/TechRpts/2009/EECS-2009-28.html},
    Number = {UCB/EECS-2009-28}
}

@inproceedings{ast17webcomponent,
 author    = {Markus Ast and
               Martin Gaedke},
  title     = {Self-contained web components through serverless computing},
  booktitle = {Proceedings of the 2nd International Workshop on Serverless Computing,
               WOSC@Middleware 2017, Las Vegas, NV, USA, December 12, 2017},
  pages     = {28--33},
  publisher = {{ACM}},
  year      = {2017},
  doi       = {10.1145/3154847.3154849},
  timestamp = {Wed, 09 Jan 2019 17:42:19 +0100},
  biburl    = {https://dblp.org/rec/bib/conf/middleware/AstG17},
  bibsource = {dblp computer science bibliography, https://dblp.org}
}

@online{awslambda0218,
  title =        {AWS Lambda},
  author =       {AWS},
  year =         {2018},
  url =          {https://aws.amazon.com/lambda/},
  urldate =      {2018-02-01}
}

@techreport{aws18architectures,
  title = {Serverless Architectures with AWS Lambda: Overview and Best Practices},
  author = {AWS},
  year = {2017},
  url = {https://d1.awsstatic.com/whitepapers/serverless-architectures-with-aws-lambda.pdf},
  urldate = {2018-02-26}
}

@techreport{aws18serverlessLens,
  title = {Serverless Application Lens: AWS Well-Architected Framework},
  author = {AWS},
  year = {2018},
  url = {https://d1.awsstatic.com/whitepapers/architecture/AWS-Serverless-Applications-Lens.pdf},
  urldate = {2019-01-16}
}

@techreport{aws17economics,
  title = {Optimizing Enterprise Economics with Serverless Architectures },
  author = {AWS},
  year = {2017},
  url = {https://d1.awsstatic.com/whitepapers/optimizing-enterprise-economics-serverless-architectures.pdf},
  urldate = {2019-01-16}
}

@online{google18cloudFunctions,
  title =        {Google Cloud Functions},
  author =       {Google},
  year =         {2018},
  url =          {https://cloud.google.com/functions/},
  urldate =      {2018-02-07}
}

@online{microsoft18azureFunctions,
  title =        {Microsoft Azure Functions},
  author =       {Microsoft},
  year =         {2018},
  url =          {https://azure.microsoft.com/en-us/services/functions/},
  urldate =      {2018-02-07}
}

@online{microsoft18cloudPatterns,
  title =        {Cloud Design Patterns},
  author =       {Microsoft},
  year =         {2018},
  url =          {https://docs.microsoft.com/en-us/azure/architecture/patterns/},
  urldate =      {2019-01-16}
}

@online{ibm18cloudFunctions,
  title =        {IBM Cloud Functions},
  author =       {IBM},
  year =         {2018},
  url =          {https://www.ibm.com/cloud/functions},
  urldate =      {2018-02-07}
}

@InProceedings{balalaie16migratingcloud,
  author    = {Armin Balalaie and
               Abbas Heydarnoori and
               Pooyan Jamshidi},
  editor    = {Antonio Celesti and
               Philipp Leitner},
  title     = {Migrating to Cloud-Native Architectures Using Microservices: An Experience
               Report},
  booktitle = {Advances in Service-Oriented and Cloud Computing - Workshops of {ESOCC}
               2015, Taormina, Italy, September 15-17, 2015, Revised Selected Papers},
  series    = {Communications in Computer and Information Science},
  volume    = {567},
  pages     = {201--215},
  publisher = {Springer},
  year      = {2015},
  doi       = {10.1007/978-3-319-33313-7\_15},
  timestamp = {Thu, 25 May 2017 00:41:36 +0200},
  biburl    = {https://dblp.org/rec/bib/conf/esocc/BalalaieHJ15},
  bibsource = {dblp computer science bibliography, https://dblp.org}
}

@incollection{baldini17currentTrends,
  author    = {Ioana Baldini and
               Paul Castro and
               Kerry Shih{-}Ping Chang and
               Perry Cheng and
               Stephen Fink and
               Vatche Ishakian and
               Nick Mitchell and
               Vinod Muthusamy and
               Rodric Rabbah and
               Aleksander Slominski and
               Philippe Suter},
  editor    = {Sanjay Chaudhary and
               Gaurav Somani and
               Rajkumar Buyya},
  title     = {Serverless Computing: Current Trends and Open Problems},
  booktitle = {Research Advances in Cloud Computing},
  pages     = {1--20},
  publisher = {Springer},
  year      = {2017},
  doi       = {10.1007/978-981-10-5026-8\_1},
  timestamp = {Wed, 29 May 2019 09:31:42 +0200},
  biburl    = {https://dblp.org/rec/bib/books/sp/17/BaldiniCCCFIMMRSS17},
  bibsource = {dblp computer science bibliography, https://dblp.org}
}

@inproceedings{baldini17trilemma,
 author    = {Ioana Baldini and
               Perry Cheng and
               Stephen J. Fink and
               Nick Mitchell and
               Vinod Muthusamy and
               Rodric Rabbah and
               Philippe Suter and
               Olivier Tardieu},
  editor    = {Emina Torlak and
               Tijs van der Storm and
               Robert Biddle},
  title     = {The serverless trilemma: function composition for serverless computing},
  booktitle = {Proceedings of the 2017 {ACM} {SIGPLAN} International Symposium on
               New Ideas, New Paradigms, and Reflections on Programming and Software,
               Onward! 2017, Vancouver, BC, Canada, October 23 - 27, 2017},
  pages     = {89--103},
  publisher = {{ACM}},
  year      = {2017},
  doi       = {10.1145/3133850.3133855},
  timestamp = {Tue, 06 Nov 2018 16:57:16 +0100},
  biburl    = {https://dblp.org/rec/bib/conf/oopsla/BaldiniCFMMRST17},
  bibsource = {dblp computer science bibliography, https://dblp.org}
}

@INPROCEEDINGS{bardsley18optimizationStrategies,
  title={Serverless Performance and Optimization Strategies},
  author={Bardsley, Daniel and Ryan, Larry and Howard, John},
  booktitle={2018 IEEE International Conference on Smart Cloud (SmartCloud)},
  pages={19--26},
  year={2018},
  organization={IEEE},
  doi={10.1109/SmartCloud.2018.00012},
  month={Sept}
}


@InProceedings{baresi17edgecomputing,
  author    = {Luciano Baresi and
               Danilo Filgueira Mendon{\c{c}}a and
               Martin Garriga},
  editor    = {Flavio De Paoli and
               Stefan Schulte and
               Einar Broch Johnsen},
  title     = {Empowering Low-Latency Applications Through a Serverless Edge Computing
               Architecture},
  booktitle = {Service-Oriented and Cloud Computing - 6th {IFIP} {WG} 2.14 European
               Conference, {ESOCC} 2017, Oslo, Norway, September 27-29, 2017, Proceedings},
  series    = {Lecture Notes in Computer Science},
  volume    = {10465},
  pages     = {196--210},
  publisher = {Springer},
  year      = {2017},
  doi       = {10.1007/978-3-319-67262-5\_15},
  timestamp = {Tue, 14 May 2019 10:00:49 +0200},
  biburl    = {https://dblp.org/rec/bib/conf/esocc/BaresiMG17},
  bibsource = {dblp computer science bibliography, https://dblp.org}
}

@ARTICLE{bernstein14containers,
  author    = {David Bernstein},
  title     = {Containers and Cloud: From {LXC} to Docker to Kubernetes},
  journal   = {{IEEE} Cloud Computing},
  volume    = {1},
  number    = {3},
  pages     = {81--84},
  year      = {2014},
  doi       = {10.1109/MCC.2014.51},
  timestamp = {Sun, 28 May 2017 13:18:02 +0200},
  biburl    = {https://dblp.org/rec/bib/journals/cloudcomp/Bernstein14b},
  bibsource = {dblp computer science bibliography, https://dblp.org}
}

@inproceedings{boucher18puttingmicroback,
  author    = {Sol Boucher and
               Anuj Kalia and
               David G. Andersen and
               Michael Kaminsky},
  editor    = {Haryadi S. Gunawi and
               Benjamin Reed},
  title     = {Putting the "Micro" Back in Microservice},
  booktitle = {2018 {USENIX} Annual Technical Conference, {USENIX} {ATC} 2018, Boston,
               MA, USA, July 11-13, 2018.},
  pages     = {645--650},
  publisher = {{USENIX} Association},
  year      = {2018},
  url       = {https://www.usenix.org/conference/atc18/presentation/boucher},
  timestamp = {Mon, 16 Jul 2018 15:48:02 +0200},
  biburl    = {https://dblp.org/rec/bib/conf/usenix/BoucherKAK18},
  bibsource = {dblp computer science bibliography, https://dblp.org}
}

@article{buyya09cloud,
  author    = {Rajkumar Buyya and
               Chee Shin Yeo and
               Srikumar Venugopal and
               James Broberg and
               Ivona Brandic},
  title     = {Cloud computing and emerging {IT} platforms: Vision, hype, and reality
               for delivering computing as the 5th utility},
  journal   = {Future Generation Comp. Syst.},
  volume    = {25},
  number    = {6},
  pages     = {599--616},
  year      = {2009},
  doi       = {10.1016/j.future.2008.12.001},
  timestamp = {Thu, 15 Jun 2017 21:31:37 +0200},
  biburl    = {https://dblp.org/rec/bib/journals/fgcs/BuyyaYVBB09},
  bibsource = {dblp computer science bibliography, https://dblp.org}
}

@article{buyya2017manifesto,
  author    = {Rajkumar Buyya and
               Satish Narayana Srirama and
               Giuliano Casale and
               Rodrigo N. Calheiros and
               Yogesh Simmhan and
               Blesson Varghese and
               Erol Gelenbe and
               Bahman Javadi and
               Luis Miguel Vaquero and
               Marco A. S. Netto and
               Adel Nadjaran Toosi and
               Maria Alejandra Rodriguez and
               Ignacio Mart{\'{\i}}n Llorente and
               Sabrina De Capitani di Vimercati and
               Pierangela Samarati and
               Dejan S. Milojicic and
               Carlos A. Varela and
               Rami Bahsoon and
               Marcos Dias de Assun{\c{c}}{\~{a}}o and
               Omer Rana and
               Wanlei Zhou and
               Hai Jin and
               Wolfgang Gentzsch and
               Albert Y. Zomaya and
               Haiying Shen},
  title     = {A Manifesto for Future Generation Cloud Computing: Research Directions
               for the Next Decade},
  journal   = {{ACM} Comput. Surv.},
  volume    = {51},
  number    = {5},
  pages     = {105:1--105:38},
  year      = {2019},
  doi       = {10.1145/3241737},
  timestamp = {Thu, 09 May 2019 16:06:21 +0200},
  biburl    = {https://dblp.org/rec/bib/journals/csur/BuyyaSCCSVGJVNT19},
  bibsource = {dblp computer science bibliography, https://dblp.org}
}

@online{cloudflareWorkers18,
  title =        {Cloudflare Workers},
  author =       {Cloudflare},
  year =         {2018},
  url =          {https://www.cloudflare.com/products/cloudflare-workers/},
  urldate =      {2018-11-21}
}

@techreport{cncf18serverlessWG,
  title = {Serverless whitepaper},
  author = {CNCF},
  group = {Serverless Working Group},
  year = {2018},
  institution = {Cloud Native Computing Foundation},
  url = {https://github.com/cncf/wg-serverless},
  urldate = {2018-11-13}
}

@online{daly18blogPatterns,
  author = {Daly, Jeremy},
  title = {Serverless Microservice Patterns for AWS},
  year = 2018,
  url = {https://www.jeremydaly.com/serverless-microservice-patterns-for-aws/},
  urldate = {2018-11-22}
}

@article{eivy2017wary,
  author    = {Adam Eivy},
  title     = {Be Wary of the Economics of "Serverless" Cloud Computing},
  journal   = {{IEEE} Cloud Computing},
  volume    = {4},
  number    = {2},
  pages     = {6--12},
  year      = {2017},
  doi       = {10.1109/MCC.2017.32},
  timestamp = {Wed, 10 May 2017 15:11:16 +0200},
  biburl    = {https://dblp.org/rec/bib/journals/cloudcomp/Eivy17},
  bibsource = {dblp computer science bibliography, https://dblp.org}
}

@INPROCEEDINGS{foster08cloudGrid,
  author    = {Ian T. Foster and
               Yong Zhao and
               Ioan Raicu and
               Shiyong Lu},
  booktitle={2008 Grid Computing Environments Workshop},
  title={Cloud Computing and Grid Computing 360-Degree Compared},
  year={2008},
  volume={},
  number={},
  pages={1-10},
  keywords={grid computing;cloud computing;cluster computing;distributed system;grid computing;utility computing;Cloud computing;Computer science;Computer vision;Costs;Distributed computing;Economies of scale;Grid computing;Laboratories;Large-scale systems;Standards organizations},
  doi={10.1109/GCE.2008.4738445},
  ISSN={2152-1085},
  month={Nov}
}

@inproceedings{fouladi2017encoding,
  author    = {Sadjad Fouladi and
               Riad S. Wahby and
               Brennan Shacklett and
               Karthikeyan Balasubramaniam and
               William Zeng and
               Rahul Bhalerao and
               Anirudh Sivaraman and
               George Porter and
               Keith Winstein},
  editor    = {Aditya Akella and
               Jon Howell},
  title     = {Encoding, Fast and Slow: Low-Latency Video Processing Using Thousands
               of Tiny Threads},
  booktitle = {14th {USENIX} Symposium on Networked Systems Design and Implementation,
               {NSDI} 2017, Boston, MA, USA, March 27-29, 2017},
  pages     = {363--376},
  publisher = {{USENIX} Association},
  year      = {2017},
  url       = {https://www.usenix.org/conference/nsdi17/technical-sessions/presentation/fouladi},
  timestamp = {Tue, 28 Mar 2017 15:12:32 +0200},
  biburl    = {https://dblp.org/rec/bib/conf/nsdi/FouladiWSBZBSPW17},
  bibsource = {dblp computer science bibliography, https://dblp.org}
}

@article{fox17,
  author    = {Geoffrey C. Fox and
               Vatche Ishakian and
               Vinod Muthusamy and
               Aleksander Slominski},
  title     = {Status of Serverless Computing and Function-as-a-Service(FaaS) in
               Industry and Research},
  journal   = {CoRR},
  volume    = {abs/1708.08028},
  year      = {2017},
  url       = {http://arxiv.org/abs/1708.08028},
  archivePrefix = {arXiv},
  eprint    = {1708.08028},
  timestamp = {Mon, 13 Aug 2018 16:46:23 +0200},
  biburl    = {https://dblp.org/rec/bib/journals/corr/abs-1708-08028},
  bibsource = {dblp computer science bibliography, https://dblp.org}
}

@book{gamma94designPatterns,
  title={Design Patterns: Elements of reusable object-oriented software},
  author={Gamma, Erich and Helm, Richard and Johnson, Ralph and Vlissides, John},
  publisher={Addison-Wesley},
  year={1994}
}

@ARTICLE{gannon17cloudNative,
  author    = {Dennis Gannon and
               Roger S. Barga and
               Neel Sundaresan},
  title     = {Cloud-Native Applications},
  journal   = {{IEEE} Cloud Computing},
  volume    = {4},
  number    = {5},
  pages     = {16--21},
  year      = {2017},
  doi       = {10.1109/MCC.2017.4250939},
  timestamp = {Wed, 10 Jan 2018 15:12:39 +0100},
  biburl    = {https://dblp.org/rec/bib/journals/cloudcomp/GannonBS17},
  bibsource = {dblp computer science bibliography, https://dblp.org}
}

@inproceedings{glikson17devicelessedge,
 author    = {Alex Glikson and
               Stefan Nastic and
               Schahram Dustdar},
  editor    = {Doron Chen and
               Peter Desnoyers and
               Eyal de Lara},
  title     = {Deviceless edge computing: extending serverless computing to the edge
               of the network},
  booktitle = {Proceedings of the 10th {ACM} International Systems and Storage Conference,
               {SYSTOR} 2017, Haifa, Israel, May 22-24, 2017},
  pages     = {28:1},
  publisher = {{ACM}},
  year      = {2017},
  doi       = {10.1145/3078468.3078497},
  timestamp = {Sun, 02 Jun 2019 21:12:27 +0200},
  biburl    = {https://dblp.org/rec/bib/conf/systor/GliksonND17},
  bibsource = {dblp computer science bibliography, https://dblp.org}
}

@article{hellerstein18twoStepsBack,
  author    = {Joseph M. Hellerstein and
               Jose M. Faleiro and
               Joseph Gonzalez and
               Johann Schleier{-}Smith and
               Vikram Sreekanti and
               Alexey Tumanov and
               Chenggang Wu},
  title     = {Serverless Computing: One Step Forward, Two Steps Back},
  booktitle = {{CIDR} 2019, 9th Biennial Conference on Innovative Data Systems Research,
               Asilomar, CA, USA, January 13-16, 2019, Online Proceedings},
  publisher = {www.cidrdb.org},
  year      = {2019},
  url       = {http://cidrdb.org/cidr2019/papers/p119-hellerstein-cidr19.pdf},
  timestamp = {Thu, 17 Jan 2019 16:08:33 +0100},
  biburl    = {https://dblp.org/rec/bib/conf/cidr/HellersteinFGSS19},
  bibsource = {dblp computer science bibliography, https://dblp.org}
}

@inproceedings{hendrickson16openlambda,
 author    = {Scott Hendrickson and
               Stephen Sturdevant and
               Tyler Harter and
               Venkateshwaran Venkataramani and
               Andrea C. Arpaci{-}Dusseau and
               Remzi H. Arpaci{-}Dusseau},
  editor    = {Austin Clements and
               Tyson Condie},
  title     = {Serverless Computation with OpenLambda},
  booktitle = {8th {USENIX} Workshop on Hot Topics in Cloud Computing, HotCloud 2016,
               Denver, CO, USA, June 20-21, 2016.},
  publisher = {{USENIX} Association},
  year      = {2016},
  url       = {https://www.usenix.org/conference/hotcloud16/workshop-program/presentation/hendrickson},
  timestamp = {Fri, 08 Jul 2016 13:26:54 +0200},
  biburl    = {https://dblp.org/rec/bib/conf/hotcloud/HendricksonSHVA16},
  bibsource = {dblp computer science bibliography, https://dblp.org}
}

@book{hohpe2004enterprise,
  title={Enterprise integration patterns: Designing, building, and deploying messaging solutions},
  author={Hohpe, Gregor and Woolf, Bobby},
  year={2004},
  publisher={Addison-Wesley}
}

@inproceedings {hong18securingviaserverlesspatterns,
  author    = {Sanghyun Hong and
               Abhinav Srivastava and
               William Shambrook and
               Tudor Dumitras},
  editor    = {Ganesh Ananthanarayanan and
               Indranil Gupta},
  title     = {Go Serverless: Securing Cloud via Serverless Design Patterns},
  booktitle = {10th {USENIX} Workshop on Hot Topics in Cloud Computing, HotCloud
               2018, Boston, MA, USA, July 9, 2018.},
  publisher = {{USENIX} Association},
  year      = {2018},
  url       = {https://www.usenix.org/conference/hotcloud18/presentation/hong},
  timestamp = {Mon, 16 Jul 2018 15:36:46 +0200},
  biburl    = {https://dblp.org/rec/bib/conf/hotcloud/HongSSD18},
  bibsource = {dblp computer science bibliography, https://dblp.org}
}

@article{horner16powerusage,
  title = "Power usage effectiveness in data centers: overloaded and underachieving",
  journal = "The Electricity Journal",
  volume = "29",
  number = "4",
  pages = "61 - 69",
  year = "2016",
  issn = "1040-6190",
  doi = "https://doi.org/10.1016/j.tej.2016.04.011",
  publisher={Elsevier},
  author = "Nathaniel Horner and Inês Azevedo",
  keywords = "Data center, Energy metric, PUE, Information technology"
}

@article{ishakian17neural,
  author    = {Vatche Ishakian and
               Vinod Muthusamy and
               Aleksander Slominski},
  editor    = {Abhishek Chandra and
               Jie Li and
               Ying Cai and
               Tian Guo},
  title     = {Serving Deep Learning Models in a Serverless Platform},
  booktitle = {2018 {IEEE} International Conference on Cloud Engineering, {IC2E}
               2018, Orlando, FL, USA, April 17-20, 2018},
  pages     = {257--262},
  publisher = {{IEEE} Computer Society},
  year      = {2018},
  doi       = {10.1109/IC2E.2018.00052},
  timestamp = {Tue, 04 Jun 2019 07:15:00 +0200},
  biburl    = {https://dblp.org/rec/bib/conf/ic2e/IshakianMS18},
  bibsource = {dblp computer science bibliography, https://dblp.org}
}

@techreport{iso14vocabulary,
  type = {Standard},
  key = {ISO/IEC 17788:2014},
  author = {ISO},
  year = {2014},
  title = {{ISO/IEC 17788:2014 Information technology -- Cloud computing -- Overview and vocabulary}},
  volume = {2014},
  institution = {International Organization for Standardization}
}

@INPROCEEDINGS{jackson18languageImpact,
  author    = {David Jackson and
               Gary Clynch},
  editor    = {Alan Sill and
               Josef Spillner},
  title     = {An Investigation of the Impact of Language Runtime on the Performance
               and Cost of Serverless Functions},
  booktitle = {2018 {IEEE/ACM} International Conference on Utility and Cloud Computing
               Companion, {UCC} Companion 2018, Zurich, Switzerland, December 17-20,
               2018},
  pages     = {154--160},
  publisher = {{IEEE}},
  year      = {2018},
  doi       = {10.1109/UCC-Companion.2018.00050},
  timestamp = {Tue, 15 Jan 2019 10:33:33 +0100},
  biburl    = {https://dblp.org/rec/bib/conf/ucc/JacksonC18},
  bibsource = {dblp computer science bibliography, https://dblp.org}
}

@ARTICLE{jamshidi13cloudmigrationreview,
  author    = {Pooyan Jamshidi and
               Aakash Ahmad and
               Claus Pahl},
  title     = {Cloud Migration Research: {A} Systematic Review},
  journal   = {{IEEE} Trans. Cloud Computing},
  volume    = {1},
  number    = {2},
  pages     = {142--157},
  year      = {2013},
  doi       = {10.1109/TCC.2013.10},
  timestamp = {Fri, 26 May 2017 22:50:38 +0200},
  biburl    = {https://dblp.org/rec/bib/journals/tcc/JamshidiAP13},
  bibsource = {dblp computer science bibliography, https://dblp.org}
}

@article{jonas17occupy,
  author    = {Eric Jonas and
               Qifan Pu and
               Shivaram Venkataraman and
               Ion Stoica and
               Benjamin Recht},
  title     = {Occupy the cloud: distributed computing for the 99{\%}},
  booktitle = {Proceedings of the 2017 Symposium on Cloud Computing, SoCC 2017, Santa
               Clara, CA, USA, September 24-27, 2017},
  pages     = {445--451},
  publisher = {{ACM}},
  year      = {2017},
  doi       = {10.1145/3127479.3128601},
  timestamp = {Sun, 02 Jun 2019 21:14:03 +0200},
  biburl    = {https://dblp.org/rec/bib/conf/cloud/JonasPVSR17},
  bibsource = {dblp computer science bibliography, https://dblp.org}
}

@article{jonas19berkeleyView,
author    = {Eric Jonas and
               Johann Schleier{-}Smith and
               Vikram Sreekanti and
               Chia{-}che Tsai and
               Anurag Khandelwal and
               Qifan Pu and
               Vaishaal Shankar and
               Joao Carreira and
               Karl Krauth and
               Neeraja Jayant Yadwadkar and
               Joseph E. Gonzalez and
               Raluca Ada Popa and
               Ion Stoica and
               David A. Patterson},
  title     = {Cloud Programming Simplified: {A} Berkeley View on Serverless Computing},
  journal   = {CoRR},
  volume    = {abs/1902.03383},
  year      = {2019},
  url       = {http://arxiv.org/abs/1902.03383},
  archivePrefix = {arXiv},
  eprint    = {1902.03383},
  timestamp = {Tue, 21 May 2019 18:03:40 +0200},
  biburl    = {https://dblp.org/rec/bib/journals/corr/abs-1902-03383},
  bibsource = {dblp computer science bibliography, https://dblp.org}
}

@article{kleinrock03internet,
author    = {Leonard Kleinrock},
  title     = {An Internet vision: the invisible global infrastructure},
  journal   = {Ad Hoc Networks},
  volume    = {1},
  number    = {1},
  pages     = {3--11},
  year      = {2003},
  doi       = {10.1016/S1570-8705(03)00012-X},
  timestamp = {Sat, 20 May 2017 00:22:44 +0200},
  biburl    = {https://dblp.org/rec/bib/journals/adhoc/Kleinrock03},
  bibsource = {dblp computer science bibliography, https://dblp.org}
}

@INPROCEEDINGS{kritikos18frameworks,
author    = {Kyriakos Kritikos and
               Pawel Skrzypek},
  editor    = {Alan Sill and
               Josef Spillner},
  title     = {A Review of Serverless Frameworks},
  booktitle = {2018 {IEEE/ACM} International Conference on Utility and Cloud Computing
               Companion, {UCC} Companion 2018, Zurich, Switzerland, December 17-20,
               2018},
  pages     = {161--168},
  publisher = {{IEEE}},
  year      = {2018},
  doi       = {10.1109/UCC-Companion.2018.00051},
  timestamp = {Tue, 15 Jan 2019 10:33:33 +0100},
  biburl    = {https://dblp.org/rec/bib/conf/ucc/KritikosS18},
  bibsource = {dblp computer science bibliography, https://dblp.org}
}

@InProceedings{kuhlenkamp17costradamus,
  author    = {J{\"{o}}rn Kuhlenkamp and
               Markus Klems},
  editor    = {E. Michael Maximilien and
               Antonio Vallecillo and
               Jianmin Wang and
               Marc Oriol},
  title     = {Costradamus: {A} Cost-Tracing System for Cloud-Based Software Services},
  booktitle = {Service-Oriented Computing - 15th International Conference, {ICSOC}
               2017, Malaga, Spain, November 13-16, 2017, Proceedings},
  series    = {Lecture Notes in Computer Science},
  volume    = {10601},
  pages     = {657--672},
  publisher = {Springer},
  year      = {2017},
  doi       = {10.1007/978-3-319-69035-3\_48},
  timestamp = {Tue, 14 May 2019 10:00:36 +0200},
  biburl    = {https://dblp.org/rec/bib/conf/icsoc/KuhlenkampK17},
  bibsource = {dblp computer science bibliography, https://dblp.org}
}

@techreport{lane13baas,
  title={Overview of the backend as a service (BaaS) space},
  author={Lane, Kin},
  group={API Evangelist},
  year={2013},
  url={http://www.integrove.com/wp-content/uploads/2014/11/api-evangelist-baas-whitepaper.pdf}
}

@article{lavoie19efficiency,
  author    = {Samuel Lavoie and
               Anthony Garant and
               F{\'{a}}bio Petrillo},
  title     = {Serverless architecture efficiency: an exploratory study},
  journal   = {CoRR},
  volume    = {abs/1901.03984},
  year      = {2019},
  url       = {http://arxiv.org/abs/1901.03984},
  archivePrefix = {arXiv},
  eprint    = {1901.03984},
  timestamp = {Fri, 01 Feb 2019 13:39:59 +0100},
  biburl    = {https://dblp.org/rec/bib/journals/corr/abs-1901-03984},
  bibsource = {dblp computer science bibliography, https://dblp.org}
}

@InProceedings{lehva18chatbot,
  author    = {Jyri Lehv{\"{a}} and
               Niko M{\"{a}}kitalo and
               Tommi Mikkonen},
  editor    = {Irene Garrig{\'{o}}s and
               Manuel Wimmer},
  title     = {Case Study: Building a Serverless Messenger Chatbot},
  booktitle = {Current Trends in Web Engineering - {ICWE} 2017 International Workshops,
               Liquid Multi-Device Software and EnWoT, practi-O-web, NLPIT, SoWeMine,
               Rome, Italy, June 5-8, 2017, Revised Selected Papers},
  series    = {Lecture Notes in Computer Science},
  volume    = {10544},
  pages     = {75--86},
  publisher = {Springer},
  year      = {2017},
  doi       = {10.1007/978-3-319-74433-9\_6},
  timestamp = {Tue, 14 May 2019 10:00:53 +0200},
  biburl    = {https://dblp.org/rec/bib/conf/icwe/LehvaMM17},
  bibsource = {dblp computer science bibliography, https://dblp.org}
}

@INPROCEEDINGS{leitner16modelcost,
  author    = {Philipp Leitner and
               J{\"{u}}rgen Cito and
               Emanuel St{\"{o}}ckli},
  editor    = {Changjun Jiang and
               Omer F. Rana and
               Nick Antonopoulos},
  title     = {Modelling and managing deployment costs of microservice-based cloud
               applications},
  booktitle = {Proceedings of the 9th International Conference on Utility and Cloud
               Computing, {UCC} 2016, Shanghai, China, December 6-9, 2016},
  pages     = {165--174},
  publisher = {{ACM}},
  year      = {2016},
  doi       = {10.1145/2996890.2996901},
  timestamp = {Thu, 10 Jan 2019 11:28:16 +0100},
  biburl    = {https://dblp.org/rec/bib/conf/ucc/LeitnerCS16},
  bibsource = {dblp computer science bibliography, https://dblp.org}
}

@article{leitner18industrialpractice,
 author    = {Philipp Leitner and
               Erik Wittern and
               Josef Spillner and
               Waldemar Hummer},
  title     = {A mixed-method empirical study of Function-as-a-Service software development
               in industrial practice},
  journal   = {Journal of Systems and Software},
  volume    = {149},
  pages     = {340--359},
  year      = {2019},
  doi       = {10.1016/j.jss.2018.12.013},
  timestamp = {Wed, 20 Feb 2019 08:21:36 +0100},
  biburl    = {https://dblp.org/rec/bib/journals/jss/LeitnerWSH19},
  bibsource = {dblp computer science bibliography, https://dblp.org}
}

@inproceedings{lloydserverless,
  author    = {Wes Lloyd and
               Shruti Ramesh and
               Swetha Chinthalapati and
               Lan Ly and
               Shrideep Pallickara},
  editor    = {Abhishek Chandra and
               Jie Li and
               Ying Cai and
               Tian Guo},
  title     = {Serverless Computing: An Investigation of Factors Influencing Microservice
               Performance},
  booktitle = {2018 {IEEE} International Conference on Cloud Engineering, {IC2E}
               2018, Orlando, FL, USA, April 17-20, 2018},
  pages     = {159--169},
  publisher = {{IEEE} Computer Society},
  year      = {2018a},
  doi       = {10.1109/IC2E.2018.00039},
  timestamp = {Tue, 04 Jun 2019 07:15:00 +0200},
  biburl    = {https://dblp.org/rec/bib/conf/ic2e/LloydRCLP18},
  bibsource = {dblp computer science bibliography, https://dblp.org}
}

@INPROCEEDINGS{lloyd18migration,
author    = {Wes Lloyd and
               Minh Vu and
               Baojia Zhang and
               Olaf David and
               George H. Leavesley},
  editor    = {Alan Sill and
               Josef Spillner},
  title     = {Improving Application Migration to Serverless Computing Platforms:
               Latency Mitigation with Keep-Alive Workloads},
  booktitle = {2018 {IEEE/ACM} International Conference on Utility and Cloud Computing
               Companion, {UCC} Companion 2018, Zurich, Switzerland, December 17-20,
               2018},
  pages     = {195--200},
  publisher = {{IEEE}},
  year      = {2018b},
  doi       = {10.1109/UCC-Companion.2018.00056},
  timestamp = {Tue, 15 Jan 2019 10:33:33 +0100},
  biburl    = {https://dblp.org/rec/bib/conf/ucc/LloydVZDL18},
  bibsource = {dblp computer science bibliography, https://dblp.org}
}

@article{lopez18orchestration,
  author    = {Pedro Garcia L{\'{o}}pez and
               Marc S{\'{a}}nchez Artigas and
               Gerard Paris and
               Daniel Barcelona Pons and
               {\'{A}}lvaro Ruiz Ollobarren and
               David Arroyo Pinto},
  title     = {Comparison of Production Serverless Function Orchestration Systems},
  journal   = {CoRR},
  volume    = {abs/1807.11248},
  year      = {2018},
  url       = {http://arxiv.org/abs/1807.11248},
  archivePrefix = {arXiv},
  eprint    = {1807.11248},
  timestamp = {Mon, 13 Aug 2018 16:46:00 +0200},
  biburl    = {https://dblp.org/rec/bib/journals/corr/abs-1807-11248},
  bibsource = {dblp computer science bibliography, https://dblp.org}
}


@inproceedings{lynn2017preliminary,
  author    = {Theo Lynn and
               Pierangelo Rosati and
               Arnaud Lejeune and
               Vincent C. Emeakaroha},
  title     = {A Preliminary Review of Enterprise Serverless Cloud Computing (Function-as-a-Service)
               Platforms},
  booktitle = {{IEEE} International Conference on Cloud Computing Technology and
               Science, CloudCom 2017, Hong Kong, December 11-14, 2017},
  pages     = {162--169},
  publisher = {{IEEE} Computer Society},
  year      = {2017},
  doi       = {10.1109/CloudCom.2017.15},
  timestamp = {Fri, 30 Nov 2018 13:31:20 +0100},
  biburl    = {https://dblp.org/rec/bib/conf/cloudcom/LynnRLE17},
  bibsource = {dblp computer science bibliography, https://dblp.org}
}

@article{malawski17executescientific,
  title = "Serverless execution of scientific workflows: Experiments with HyperFlow, AWS Lambda and Google Cloud Functions",
  journal = "Future Generation Computer Systems",
  year = "2017",
  issn = "0167-739X",
  doi = "https://doi.org/10.1016/j.future.2017.10.029",
  author = "Maciej Malawski and Adam Gajek and Adam Zima and Bartosz Balis and Kamil Figiela",
  keywords = "Scientific workflows, Cloud functions, Serverless architectures, FaaS",
  publisher={Elsevier}
}

@InProceedings{malawski18benchmark,
  author    = {Maciej Malawski and
               Kamil Figiela and
               Adam Gajek and
               Adam Zima},
  editor    = {Dora Blanco Heras and
               Luc Boug{\'{e}} and
               Gabriele Mencagli and
               Emmanuel Jeannot and
               Rizos Sakellariou and
               Rosa M. Badia and
               Jorge G. Barbosa and
               Laura Ricci and
               Stephen L. Scott and
               Stefan Lankes and
               Josef Weidendorfer},
  title     = {Benchmarking Heterogeneous Cloud Functions},
  booktitle = {Euro-Par 2017: Parallel Processing Workshops - Euro-Par 2017 International
               Workshops, Santiago de Compostela, Spain, August 28-29, 2017, Revised
               Selected Papers},
  series    = {Lecture Notes in Computer Science},
  volume    = {10659},
  pages     = {415--426},
  publisher = {Springer},
  year      = {2017},
  doi       = {10.1007/978-3-319-75178-8\_34},
  timestamp = {Tue, 14 May 2019 10:00:46 +0200},
  biburl    = {https://dblp.org/rec/bib/conf/europar/MalawskiFGZ17},
  bibsource = {dblp computer science bibliography, https://dblp.org}
}

@INPROCEEDINGS{mcgrath16cloudEventParadigms,
  author    = {M. Garrett McGrath and
               Jared Short and
               Stephen Ennis and
               Brenden Judson and
               Paul R. Brenner},
  title     = {Cloud Event Programming Paradigms: Applications and Analysis},
  booktitle = {9th {IEEE} International Conference on Cloud Computing, {CLOUD} 2016,
               San Francisco, CA, USA, June 27 - July 2, 2016},
  pages     = {400--406},
  publisher = {{IEEE} Computer Society},
  year      = {2016},
  doi       = {10.1109/CLOUD.2016.0060},
  timestamp = {Wed, 17 May 2017 14:24:56 +0200},
  biburl    = {https://dblp.org/rec/bib/conf/IEEEcloud/McGrathSEJB16},
  bibsource = {dblp computer science bibliography, https://dblp.org}
}

@INPROCEEDINGS{mcgrath17implement,
  author    = {M. Garrett McGrath and
               Paul R. Brenner},
  editor    = {Aibek Musaev and
               Jo{\~{a}}o Eduardo Ferreira and
               Teruo Higashino},
  title     = {Serverless Computing: Design, Implementation, and Performance},
  booktitle = {37th {IEEE} International Conference on Distributed Computing Systems
               Workshops, {ICDCS} Workshops 2017, Atlanta, GA, USA, June 5-8, 2017},
  pages     = {405--410},
  publisher = {{IEEE} Computer Society},
  year      = {2017},
  doi       = {10.1109/ICDCSW.2017.36},
  timestamp = {Wed, 11 Apr 2018 10:21:15 +0200},
  biburl    = {https://dblp.org/rec/bib/conf/icdcsw/McGrathB17},
  bibsource = {dblp computer science bibliography, https://dblp.org}
}

@ARTICLE{nastic17analyticsedge,
  author    = {Stefan Nastic and
               Thomas Rausch and
               Ognjen Scekic and
               Schahram Dustdar and
               Marjan Gusev and
               Bojana Koteska and
               Magdalena Kostoska and
               Boro Jakimovski and
               Sasko Ristov and
               Radu Prodan},
  title     = {A Serverless Real-Time Data Analytics Platform for Edge Computing},
  journal   = {{IEEE} Internet Computing},
  volume    = {21},
  number    = {4},
  pages     = {64--71},
  year      = {2017},
  doi       = {10.1109/MIC.2017.2911430},
  timestamp = {Sun, 02 Jun 2019 21:10:05 +0200},
  biburl    = {https://dblp.org/rec/bib/journals/internet/NasticRSDGKKJRP17},
  bibsource = {dblp computer science bibliography, https://dblp.org}
}

@article{nist11definitions,
  title={The NIST definition of cloud computing},
  author={Mell, Peter and Grance, Tim},
  year={2011},
  publisher={Computer Security Division, Information Technology Laboratory, National Institute of Standards and Technology Gaithersburg}
}

@book{nygard07releaseIt,
  title={Release it!: Design and Deploy Production-Ready Software},
  author={Nygard, Michael T.},
  year={2007},
  publisher={Pragmatic Bookshelf}
}

@INPROCEEDINGS{oakes17pipsqueak,
  author    = {Edward Oakes and
               Leon Yang and
               Kevin Houck and
               Tyler Harter and
               Andrea C. Arpaci{-}Dusseau and
               Remzi H. Arpaci{-}Dusseau},
  editor    = {Aibek Musaev and
               Jo{\~{a}}o Eduardo Ferreira and
               Teruo Higashino},
  title     = {Pipsqueak: Lean Lambdas with Large Libraries},
  booktitle = {37th {IEEE} International Conference on Distributed Computing Systems
               Workshops, {ICDCS} Workshops 2017, Atlanta, GA, USA, June 5-8, 2017},
  pages     = {395--400},
  publisher = {{IEEE} Computer Society},
  year      = {2017},
  doi       = {10.1109/ICDCSW.2017.32},
  timestamp = {Wed, 11 Apr 2018 10:21:15 +0200},
  biburl    = {https://dblp.org/rec/bib/conf/icdcsw/OakesYHHAA17},
  bibsource = {dblp computer science bibliography, https://dblp.org}
}

@techreport{owasp18top10,
  author = {OWASP},
  year = {2018},
  title = {OWASP Top 10 (2017) Interpretation for Serverless},
  institution = {Open Web Application Security Project},
  url={https://www.owasp.org/images/5/5c/OWASP-Top-10-Serverless-Interpretation-en.pdf},
  urldate = {2018-02-22}
}

@ARTICLE{pahl15containerization,
  author    = {Claus Pahl},
  title     = {Containerization and the PaaS Cloud},
  journal   = {{IEEE} Cloud Computing},
  volume    = {2},
  number    = {3},
  pages     = {24--31},
  year      = {2015},
  doi       = {10.1109/MCC.2015.51},
  timestamp = {Sun, 28 May 2017 13:18:01 +0200},
  biburl    = {https://dblp.org/rec/bib/journals/cloudcomp/Pahl15},
  bibsource = {dblp computer science bibliography, https://dblp.org}
}

@unpublished{petrenko17nasa,
  title={Giovanni in the Cloud: Earth Science Data Exploration in Amazon Web Services},
  author={Petrenko, Maksym and Hegde, Mahabal and Smit, Christine and Zhang, Hailiang and Pilone, Paul and Zasorin, Andrey A and Pham, Long},
  year={2017},
  note={American Geophysical Union (AGU) Fall Meeting},
  url={https://ntrs.nasa.gov/archive/nasa/casi.ntrs.nasa.gov/20180000712.pdf},
  urldate = {2018-03-28}
}

@online{podjarny17security,
  title =        {Serverless Security implications—from infra to OWASP},
  author =       {Podjarny, Guy},
  year =         {2017},
  url =          {https://snyk.io/blog/serverless-security-implications-from-infra-to-owasp/},
  urldate =      {2018-02-28}
}

@InProceedings{reza17controller,
  author    = {Mohammad Reza Hoseiny Farahabady and
               Young Choon Lee and
               Albert Y. Zomaya and
               Zahir Tari},
  editor    = {E. Michael Maximilien and
               Antonio Vallecillo and
               Jianmin Wang and
               Marc Oriol},
  title     = {A QoS-Aware Resource Allocation Controller for Function as a Service
               (FaaS) Platform},
  booktitle = {Service-Oriented Computing - 15th International Conference, {ICSOC}
               2017, Malaga, Spain, November 13-16, 2017, Proceedings},
  series    = {Lecture Notes in Computer Science},
  volume    = {10601},
  pages     = {241--255},
  publisher = {Springer},
  year      = {2017},
  doi       = {10.1007/978-3-319-69035-3\_17},
  timestamp = {Tue, 14 May 2019 10:00:36 +0200},
  biburl    = {https://dblp.org/rec/bib/conf/icsoc/HoseinyFarahabady17},
  bibsource = {dblp computer science bibliography, https://dblp.org}
}

@article{ritter17emergingPatterns,
author    = {Daniel Ritter and
               Norman May and
               Stefanie Rinderle{-}Ma},
  title     = {Patterns for emerging application integration scenarios: {A} survey},
  journal={Information Systems},
  volume    = {67},
  pages     = {36--57},
  year      = {2017},
  url       = {https://doi.org/10.1016/j.is.2017.03.003},
  doi       = {10.1016/j.is.2017.03.003},
  timestamp = {Mon, 18 Dec 2017 08:35:45 +0100},
  biburl    = {https://dblp.org/rec/bib/journals/is/RitterMR17},
  bibsource = {dblp computer science bibliography, https://dblp.org},
  publisher={Elsevier}
}

@Online{robert2016serverlessarchitectures,
  title =        {Serverless Architectures},
  author =       {Roberts, Mike},
  year =         {2016},
  url =          {https://martinfowler.com/articles/serverless.html},
  urldate =      {2018-02-01}
}

@book{rotem12soa,
  title={SOA Patterns},
  author={Rotem-Gal-Oz, Arnon},
  year={2012},
  publisher={Manning Publications, Shelter Island}
}

@book{sbarski2017serverless,
  title={Serverless Architectures on AWS: With examples using AWS Lambda},
  author={Sbarski, Peter and Kroonenburg, S},
  year={2017},
  publisher={Manning Publications, Shelter Island}
}

@techreport{segal18risks,
  title = {The Ten Most Critical Security Risks in Serverless Architectures},
  author = {Segal, Ory and Zin, Shaked and Shulman, Avi},
  group = {Puresec},
  year = {2018},
  url={https://www.puresec.io/hubfs/SAS-Top10-2018/PureSec%20-%20SAS%20Top%2010%20-%202018.pdf},
  urldate={2018-09-20}
}

@inproceedings{schmidt08event,
  title={Event-driven reactivity: A survey and requirements analysis},
  author={Schmidt, Kay-Uwe and Anicic, Darko and St{\"u}hmer, Roland},
  booktitle={3rd International Workshop on Semantic Business Process Management},
  series    = {{CEUR} Workshop Proceedings},
  publisher = {CEUR-WS.org},
  url ={http://ceur-ws.org/Vol-472/},
  pages={72--86},
  year={2008}
}

@article{spillner17exploiting,
  author    = {Josef Spillner},
  title     = {Exploiting the Cloud Control Plane for Fun and Profit},
  journal   = {CoRR},
  volume    = {abs/1701.05945},
  year      = {2017},
  url       = {http://arxiv.org/abs/1701.05945},
  archivePrefix = {arXiv},
  eprint    = {1701.05945},
  timestamp = {Mon, 13 Aug 2018 16:47:33 +0200},
  biburl    = {https://dblp.org/rec/bib/journals/corr/Spillner17},
  bibsource = {dblp computer science bibliography, https://dblp.org}
}

@article{spillner17snafu,
  author    = {Josef Spillner},
  title     = {Snafu: Function-as-a-Service (FaaS) Runtime Design and Implementation},
  journal   = {CoRR},
  volume    = {abs/1703.07562},
  year      = {2017},
  url       = {http://arxiv.org/abs/1703.07562},
  archivePrefix = {arXiv},
  eprint    = {1703.07562},
  timestamp = {Mon, 13 Aug 2018 16:48:47 +0200},
  biburl    = {https://dblp.org/rec/bib/journals/corr/Spillner17a},
  bibsource = {dblp computer science bibliography, https://dblp.org}
}

@article{spillner17transformpython,
  author    = {Josef Spillner},
  title     = {Transformation of Python Applications into Function-as-a-Service Deployments},
  journal   = {CoRR},
  volume    = {abs/1705.08169},
  year      = {2017},
  url       = {http://arxiv.org/abs/1705.08169},
  archivePrefix = {arXiv},
  eprint    = {1705.08169},
  timestamp = {Mon, 13 Aug 2018 16:47:46 +0200},
  biburl    = {https://dblp.org/rec/bib/journals/corr/Spillner17b},
  bibsource = {dblp computer science bibliography, https://dblp.org}
}

@InProceedings{spillner18faaster,
  author    = {Josef Spillner and
               Cristian Mateos and
               David A. Monge},
  editor    = {Esteban E. Mocskos and
               Sergio Nesmachnow},
  title     = {FaaSter, Better, Cheaper: The Prospect of Serverless Scientific Computing
               and {HPC}},
  booktitle = {High Performance Computing - 4th Latin American Conference, {CARLA}
               2017, Buenos Aires, Argentina, and Colonia del Sacramento, Uruguay,
               September 20-22, 2017, Revised Selected Papers},
  series    = {Communications in Computer and Information Science},
  volume    = {796},
  pages     = {154--168},
  publisher = {Springer},
  year      = {2017},
  doi       = {10.1007/978-3-319-73353-1\_11},
  timestamp = {Fri, 02 Nov 2018 09:34:38 +0100},
  biburl    = {https://dblp.org/rec/bib/conf/carla/SpillnerMM17},
  bibsource = {dblp computer science bibliography, https://dblp.org}
}

@unpublished{taibi19antipatterns,
title= {Serverless anti-patterns},
author = {Taibi, Davide},
year = {2019},
note= {Serverless Days Helsinki},
URL= {https://research.tuni.fi/clowee/news/serverless-anti-patterns/},
}

@article{tsuruoka16,
  author    = {Yukio Tsuruoka},
  title     = {Cloud Computing - Current Status and Future Directions},
  journal   = {{JIP}},
  volume    = {24},
  number    = {2},
  pages     = {183--194},
  year      = {2016},
  doi       = {10.2197/ipsjjip.24.183},
  timestamp = {Sun, 28 May 2017 13:19:57 +0200},
  biburl    = {https://dblp.org/rec/bib/journals/jip/Tsuruoka16},
  bibsource = {dblp computer science bibliography, https://dblp.org}
}

@inproceedings{van2017spec,
  author    = {Erwin Van Eyk and
               Alexandru Iosup and
               Simon Seif and
               Markus Th{\"{o}}mmes},
  title     = {The {SPEC} cloud group's research vision on FaaS and serverless architectures},
  booktitle = {Proceedings of the 2nd International Workshop on Serverless Computing,
               WOSC@Middleware 2017, Las Vegas, NV, USA, December 12, 2017},
  pages     = {1--4},
  publisher = {{ACM}},
  year      = {2017},
  doi       = {10.1145/3154847.3154848},
  timestamp = {Wed, 09 Jan 2019 17:42:19 +0100},
  biburl    = {https://dblp.org/rec/bib/conf/middleware/EykIST17},
  bibsource = {dblp computer science bibliography, https://dblp.org}
}

@inproceedings{van18perfchallenges,
 author    = {Erwin Van Eyk and
               Alexandru Iosup and
               Cristina L. Abad and
               Johannes Grohmann and
               Simon Eismann},
  editor    = {Katinka Wolter and
               William J. Knottenbelt and
               Andr{\'{e}} van Hoorn and
               Manoj Nambiar},
  title     = {A {SPEC} {RG} Cloud Group's Vision on the Performance Challenges of
               FaaS Cloud Architectures},
  booktitle = {Companion of the 2018 {ACM/SPEC} International Conference on Performance
               Engineering, {ICPE} 2018, Berlin, Germany, April 09-13, 2018},
  pages     = {21--24},
  publisher = {{ACM}},
  year      = {2018},
  doi       = {10.1145/3185768.3186308},
  timestamp = {Wed, 21 Nov 2018 12:44:17 +0100},
  biburl    = {https://dblp.org/rec/bib/conf/wosp/EykIAGE18},
  bibsource = {dblp computer science bibliography, https://dblp.org}
}

@article{van18fromPAAStoPresent,
  author    = {Erwin Van Eyk and
               Lucian Toader and
               Sacheendra Talluri and
               Laurens Versluis and
               Alexandru Uta and
               Alexandru Iosup},
  title     = {Serverless is More: From PaaS to Present Cloud Computing},
  journal   = {{IEEE} Internet Computing},
  volume    = {22},
  number    = {5},
  pages     = {8--17},
  year      = {2018},
  doi       = {10.1109/MIC.2018.053681358},
  timestamp = {Thu, 18 Oct 2018 16:08:22 +0200},
  biburl    = {https://dblp.org/rec/bib/journals/internet/EykTTVUI18},
  bibsource = {dblp computer science bibliography, https://dblp.org}
}

@article{varghese18next,
  author    = {Blesson Varghese and
               Rajkumar Buyya},
  title     = {Next generation cloud computing: New trends and research directions},
  journal   = {Future Generation Comp. Syst.},
  volume    = {79},
  pages     = {849--861},
  year      = {2018},
  doi       = {10.1016/j.future.2017.09.020},
  timestamp = {Tue, 28 Nov 2017 16:10:54 +0100},
  biburl    = {https://dblp.org/rec/bib/journals/fgcs/VargheseB18},
  bibsource = {dblp computer science bibliography, https://dblp.org}
}

@article{villamizar2017cost,
  author    = {Mario Villamizar and
               Oscar Garces and
               Lina Ochoa and
               Harold Castro and
               Lorena Salamanca and
               Mauricio Verano and
               Rubby Casallas and
               Santiago Gil and
               Carlos Valencia and
               Angee Zambrano and
               Mery Lang},
  title     = {Cost comparison of running web applications in the cloud using monolithic,
               microservice, and {AWS} Lambda architectures},
  journal   = {Service Oriented Computing and Applications},
  volume    = {11},
  number    = {2},
  pages     = {233--247},
  year      = {2017},
  doi       = {10.1007/s11761-017-0208-y},
  timestamp = {Fri, 30 Nov 2018 13:28:39 +0100},
  biburl    = {https://dblp.org/rec/bib/journals/soca/VillamizarGOCSV17},
  bibsource = {dblp computer science bibliography, https://dblp.org}
}


@INPROCEEDINGS{wagner16resilient,
  author    = {Brandon Wagner and
               Arun K. Sood},
  title     = {Economics of Resilient Cloud Services},
  booktitle = {2016 {IEEE} International Conference on Software Quality, Reliability
               and Security, {QRS} 2016, Companion, Vienna, Austria, August 1-3,
               2016},
  pages     = {368--374},
  publisher = {{IEEE}},
  year      = {2016},
  doi       = {10.1109/QRS-C.2016.56},
  timestamp = {Fri, 26 May 2017 00:49:04 +0200},
  biburl    = {https://dblp.org/rec/bib/conf/qrs/WagnerS16},
  bibsource = {dblp computer science bibliography, https://dblp.org}
}

@Online{walker17gartnerHype,
  title =        {Hype Cycle for Emerging Technologies, 2017},
  author =       {Walker, Mike J},
  institution =  {Gartner},
  year =         {2017},
  url =          {https://www.gartner.com/smarterwithgartner/top-trends-in-the-gartner-hype-cycle-for-emerging-technologies-2017/},
  urldate =      {2018-02-07}
}

@inproceedings {wang18peekingbehindcurtains,
author    = {Liang Wang and
               Mengyuan Li and
               Yinqian Zhang and
               Thomas Ristenpart and
               Michael M. Swift},
  editor    = {Haryadi S. Gunawi and
               Benjamin Reed},
  title     = {Peeking Behind the Curtains of Serverless Platforms},
  booktitle = {2018 {USENIX} Annual Technical Conference, {USENIX} {ATC} 2018, Boston,
               MA, USA, July 11-13, 2018.},
  pages     = {133--146},
  publisher = {{USENIX} Association},
  year      = {2018},
  url       = {https://www.usenix.org/conference/atc18/presentation/wang-liang},
  timestamp = {Mon, 16 Jul 2018 15:48:02 +0200},
  biburl    = {https://dblp.org/rec/bib/conf/usenix/WangLZRS18},
  bibsource = {dblp computer science bibliography, https://dblp.org}
}

@online{wolf16serverless,
  title =        {Serverless Architecture in short},
  author =       {Wolf, Oliver},
  year =         {2016},
  url =          {https://specify.io/concepts/serverless-baas-faas},
  urldate =      {2018-02-16}
}

@inproceedings{yan16chatbot,
 author    = {Mengting Yan and
               Paul C. Castro and
               Perry Cheng and
               Vatche Ishakian},
  title     = {Building a Chatbot with Serverless Computing},
  booktitle = {Proceedings of the 1st International Workshop on Mashups of Things
               and APIs, MOTA@Middleware 2016, Trento, Italy, December 12-13, 2016},
  pages     = {5:1--5:4},
  publisher = {{ACM}},
  year      = {2016},
  doi       = {10.1145/3007203.3007217},
  timestamp = {Tue, 06 Nov 2018 16:57:13 +0100},
  biburl    = {https://dblp.org/rec/bib/conf/middleware/YanCCI16},
  bibsource = {dblp computer science bibliography, https://dblp.org}
}

@INPROCEEDINGS{youseff08cloudOntology,
  author={L. Youseff and M. Butrico and D. Da Silva},
  booktitle={2008 Grid Computing Environments Workshop},
  title={Toward a Unified Ontology of Cloud Computing},
  year={2008},
  volume={},
  number={},
  pages={1-10},
  keywords={Web services;ontologies (artificial intelligence);cloud computing technology;distributed computing;gateway design;grid computing;portal design;scientific community;scientific environment;service-oriented architecture;unified ontology;virtualization technology;Application software;Cloud computing;Computer networks;Distributed computing;Grid computing;Ontologies;Portals;Semiconductor optical amplifiers;Service oriented architecture;User interfaces},
  doi={10.1109/GCE.2008.4738443},
  organization={IEEE},
  ISSN={2152-1085},
  month={Nov}
}

@book{zambrano18patterns,
  title={Serverless Design Patterns and Best Practices: Build, secure, and deploy enterprise ready serverless applications with AWS to improve developer productivity},
  author={Zambrano, Brian},
  year={2018},
  publisher={Packt Publishing}
}
