@manual{biblatex-manual,
  author =       {Philipp Lehman and others},
  title =        {The {biblatex} Package},
  subtitle =     {Programmable Bibliographies and Citations},
  date =         {2012-08},
  version =      {2.2},
  url =          {http://mirror.ctan.org/macros/latex/contrib/biblatex/doc/biblatex.pdf},
  urldate =      {2013-01-29}
}

@manual{biblatex-chicago-manual,
  author =       {David Fussner},
  title =        {The {biblatex-chicago} package},
  subtitle =     {Style files for {biblatex}},
  date =         {2012-07-30},
  version =      {0.9.9a},
  url =          {http://mirror.ctan.org/macros/latex/contrib/biblatex/doc/biblatex.pdf},
  urldate =      {2013-01-29}
}

@Book{lamport94:_latex,
  author =       {Leslie Lamport},
  title =        {{\LaTeX}},
  subtitle =     {A Document Preparation System},
  publisher =    {Addison--Wesley},
  year =         1994,
  edition =      2,
  address =      {Reading, MA}
}

@Book{kaijanaho03:_latex_ams_latex,
  author =       {Antti-Juhani Kaijanaho},
  title =        {{\LaTeX} ja {\AmS-\LaTeX}},
  indexsorttitle ={LaTeX ja AMS-LaTeX},
  subtitle =     {Opus asiatekstin ladonnasta},
  publisher =    {Jyväskylän yliopiston ATK-keskus},
  year =         2003,
  number =       43,
  series =       {Käyttäjän opas},
  edition =      2
}

@Manual{oetiker:_pitka_latex,
  title =        {Pitkänpuoleinen johdanto {\LaTeXe}:n käyttöön},
  subtitle =     {Eli opi {\LaTeXe} 133 minuutissa},
  author =       {Tobias Oetiker and others},
  translator =   {Timo Hellgren},
  version =      {4.17fi},
  url =          {http://www.ctan.org/pkg/lshort-finnish},
  date =         {2005-10},
  urldate =      {2013-01-29}
}

@Manual{oetiker:_not_so_short_introd_latex,
  title =        {The Not So Short Introduction to {\LaTeXe}},
  subtitle =     {Or {\LaTeXe} in 157 minutes},
  author =       {Tobias Oetiker and others},
  version =      {5.01},
  date =         {2011-04-06},
  url =          {http://www.ctan.org/tex-archive/info/lshort/english/},
  urldate =      {2014-02-28}
}

@Book{knuth86:_texbook,
  author =       {Donald E. Knuth},
  title =        {The {\TeX}book},
  indexsorttitle ={The TeXbook},
  publisher =    {Addison Wesley},
  year =         1986,
  address =      {Reading, MA}
}

@Book{aho-compilers,
  author =       {Alfred V. Aho and Monica S. Lam and Ravi Sethi and
                  Jeffrey D. Ullman},
  title =        {Compilers},
  subtitle =     {Principles, Techniques, \& Tools},
  publisher =    {Pearson Addison Wesley},
  year =         2007,
  address =      {Boston},
  edition =      2
}

@Article{strachey-fundamentals,
  author =       {Christopher Strachey},
  title =        {Fundamental Concepts in Programming Languages},
  journal =      {Higher-Order and Symbolic Computation},
  year =         2000,
  volume =       13,
  number =       {1--2},
  pages =        {11--49},
  doi =          {10.1023/A:1010000313106}
}

@manual{bibtexing,
  author =       {Oren Patashnik},
  title =        {{\textsc{Bib\TeX}ing}},
  date =         {1988-02-08},
  url =          {http://mirror.ctan.org/biblio/bibtex/base/btxdoc.pdf},
  urldate =      {2013-01-29}
}

@Collection{making-software,
  editor =       {Andy Oram and Greg Wilson},
  title =        {Making Software},
  subtitle =     {What Really Works, and Why We Believe It},
  publisher =    {O'Reilly},
  year =         2011
}
@InCollection{prechelt-credibility,
  author =       {Lutz Prechelt and Marian Petre},
  title =        {Credibility, or Why Should I Insist on Being
                  Convinced},
  crossref =     {making-software},
  pages =        {17--34}
}

@Book{unicode620,
  author =       {{Unicode Consortium}},
  title =        {The Unicode Standard, Version 6.2.0},
  year =         {2012},
  url =          {http://www.unicode.org/versions/Unicode6.2.0/},
  urldate =      {2013-01-29}
}

@Book{presidential-novel,
  title =        {O},
  subtitle =     {A Presidential Novel},
  publisher =    {Simon \& Schuster},
  year =         {2011},
}

@Online{debian-social-contract,
  title =        {Debian Social Contract},
  year =         {2004},
  url =          {http://www.debian.org/social_contract.en.html},
  urldate =      {2013-01-29}
}
